%YAML 1.1
%TAG !u! tag:unity3d.com,2011:
--- !u!1 &8371208636508000438
GameObject:
  m_ObjectHideFlags: 0
  m_CorrespondingSourceObject: {fileID: 0}
  m_PrefabInstance: {fileID: 0}
  m_PrefabAsset: {fileID: 0}
  serializedVersion: 6
  m_Component:
  - component: {fileID: 8371208636508000440}
  - component: {fileID: 8371208636508000443}
  - component: {fileID: 8371208636508000442}
  - component: {fileID: 8371208636508000445}
  m_Layer: 0
  m_Name: GameObject
  m_TagString: Objeto
  m_Icon: {fileID: -5442936267250999957, guid: 0000000000000000d000000000000000, type: 0}
  m_NavMeshLayer: 0
  m_StaticEditorFlags: 0
  m_IsActive: 1
--- !u!4 &8371208636508000440
Transform:
  m_ObjectHideFlags: 0
  m_CorrespondingSourceObject: {fileID: 0}
  m_PrefabInstance: {fileID: 0}
  m_PrefabAsset: {fileID: 0}
  m_GameObject: {fileID: 8371208636508000438}
  m_LocalRotation: {x: 0, y: 0, z: 0, w: 1}
  m_LocalPosition: {x: -2.66, y: 0.14, z: -4.95}
  m_LocalScale: {x: 1, y: 1, z: 1}
  m_Children:
  - {fileID: 4255303345787556144}
  m_Father: {fileID: 0}
  m_RootOrder: 0
  m_LocalEulerAnglesHint: {x: 0, y: 0, z: 0}
--- !u!65 &8371208636508000443
BoxCollider:
  m_ObjectHideFlags: 0
  m_CorrespondingSourceObject: {fileID: 0}
  m_PrefabInstance: {fileID: 0}
  m_PrefabAsset: {fileID: 0}
  m_GameObject: {fileID: 8371208636508000438}
  m_Material: {fileID: 0}
  m_IsTrigger: 1
  m_Enabled: 1
  serializedVersion: 2
  m_Size: {x: 12.620584, y: 3.4632504, z: 13.922297}
  m_Center: {x: -2.0458732, y: 1.2316254, z: 0.016077757}
--- !u!114 &8371208636508000442
MonoBehaviour:
  m_ObjectHideFlags: 0
  m_CorrespondingSourceObject: {fileID: 0}
  m_PrefabInstance: {fileID: 0}
  m_PrefabAsset: {fileID: 0}
  m_GameObject: {fileID: 8371208636508000438}
  m_Enabled: 1
  m_EditorHideFlags: 0
  m_Script: {fileID: 11500000, guid: edbfc4c5720d0f84ba6a2cab53b096e8, type: 3}
  m_Name: 
  m_EditorClassIdentifier: 
  triangulo: {fileID: 961102905562374947}
--- !u!82 &8371208636508000445
AudioSource:
  m_ObjectHideFlags: 0
  m_CorrespondingSourceObject: {fileID: 0}
  m_PrefabInstance: {fileID: 0}
  m_PrefabAsset: {fileID: 0}
  m_GameObject: {fileID: 8371208636508000438}
  m_Enabled: 1
  serializedVersion: 4
  OutputAudioMixerGroup: {fileID: 0}
  m_audioClip: {fileID: 8300000, guid: d9400d44d46ee54488e3eb5b98d5243e, type: 3}
  m_PlayOnAwake: 1
  m_Volume: 1
  m_Pitch: 1
  Loop: 0
  Mute: 0
  Spatialize: 0
  SpatializePostEffects: 0
  Priority: 128
  DopplerLevel: 1
  MinDistance: 1
  MaxDistance: 500
  Pan2D: 0
  rolloffMode: 0
  BypassEffects: 0
  BypassListenerEffects: 0
  BypassReverbZones: 0
  rolloffCustomCurve:
    serializedVersion: 2
    m_Curve:
    - serializedVersion: 3
      time: 0
      value: 1
      inSlope: 0
      outSlope: 0
      tangentMode: 0
      weightedMode: 0
      inWeight: 0.33333334
      outWeight: 0.33333334
    - serializedVersion: 3
      time: 1
      value: 0
      inSlope: 0
      outSlope: 0
      tangentMode: 0
      weightedMode: 0
      inWeight: 0.33333334
      outWeight: 0.33333334
    m_PreInfinity: 2
    m_PostInfinity: 2
    m_RotationOrder: 4
  panLevelCustomCurve:
    serializedVersion: 2
    m_Curve:
    - serializedVersion: 3
      time: 0
      value: 0
      inSlope: 0
      outSlope: 0
      tangentMode: 0
      weightedMode: 0
      inWeight: 0.33333334
      outWeight: 0.33333334
    m_PreInfinity: 2
    m_PostInfinity: 2
    m_RotationOrder: 4
  spreadCustomCurve:
    serializedVersion: 2
    m_Curve:
    - serializedVersion: 3
      time: 0
      value: 0
      inSlope: 0
      outSlope: 0
      tangentMode: 0
      weightedMode: 0
      inWeight: 0.33333334
      outWeight: 0.33333334
    m_PreInfinity: 2
    m_PostInfinity: 2
    m_RotationOrder: 4
  reverbZoneMixCustomCurve:
    serializedVersion: 2
    m_Curve:
    - serializedVersion: 3
      time: 0
      value: 1
      inSlope: 0
      outSlope: 0
      tangentMode: 0
      weightedMode: 0
      inWeight: 0.33333334
      outWeight: 0.33333334
    m_PreInfinity: 2
    m_PostInfinity: 2
    m_RotationOrder: 4
--- !u!1001 &8371208634763680213
PrefabInstance:
  m_ObjectHideFlags: 0
  serializedVersion: 2
  m_Modification:
    m_TransformParent: {fileID: 8371208636508000440}
    m_Modifications:
    - target: {fileID: 2040678430304382668, guid: b59e3b8a2135154408a10820b594df70, type: 3}
      propertyPath: m_audioClip
      value: 
      objectReference: {fileID: 8300000, guid: 4c83da431732f87499303739a4acf748, type: 3}
    - target: {fileID: 2040678430304382668, guid: b59e3b8a2135154408a10820b594df70, type: 3}
      propertyPath: m_PlayOnAwake
      value: 1
      objectReference: {fileID: 0}
    - target: {fileID: 3167867324778759254, guid: b59e3b8a2135154408a10820b594df70, type: 3}
      propertyPath: m_LocalRotation.w
      value: 0.7071068
      objectReference: {fileID: 0}
    - target: {fileID: 3167867324778759254, guid: b59e3b8a2135154408a10820b594df70, type: 3}
      propertyPath: m_LocalRotation.x
      value: 0.70710677
      objectReference: {fileID: 0}
    - target: {fileID: 3167867324778759254, guid: b59e3b8a2135154408a10820b594df70, type: 3}
      propertyPath: m_LocalRotation.y
      value: 0.000000029802322
      objectReference: {fileID: 0}
    - target: {fileID: 3167867324778759254, guid: b59e3b8a2135154408a10820b594df70, type: 3}
      propertyPath: m_LocalRotation.z
      value: 0.000000026077032
      objectReference: {fileID: 0}
    - target: {fileID: 3167867324778759254, guid: b59e3b8a2135154408a10820b594df70, type: 3}
      propertyPath: m_LocalEulerAnglesHint.x
      value: 90
      objectReference: {fileID: 0}
    - target: {fileID: 3730723256798589940, guid: b59e3b8a2135154408a10820b594df70, type: 3}
      propertyPath: m_Name
      value: indiO
      objectReference: {fileID: 0}
    - target: {fileID: 5559662324882460348, guid: b59e3b8a2135154408a10820b594df70, type: 3}
      propertyPath: m_LocalRotation.w
      value: 0.7331248
      objectReference: {fileID: 0}
    - target: {fileID: 5559662324882460348, guid: b59e3b8a2135154408a10820b594df70, type: 3}
      propertyPath: m_LocalRotation.x
      value: 0
      objectReference: {fileID: 0}
    - target: {fileID: 5559662324882460348, guid: b59e3b8a2135154408a10820b594df70, type: 3}
      propertyPath: m_LocalRotation.y
      value: 0
      objectReference: {fileID: 0}
    - target: {fileID: 5559662324882460348, guid: b59e3b8a2135154408a10820b594df70, type: 3}
      propertyPath: m_LocalRotation.z
      value: 0.6800942
      objectReference: {fileID: 0}
    - target: {fileID: 5559662324882460348, guid: b59e3b8a2135154408a10820b594df70, type: 3}
      propertyPath: m_LocalEulerAnglesHint.x
      value: 0
      objectReference: {fileID: 0}
    - target: {fileID: 5559662324882460348, guid: b59e3b8a2135154408a10820b594df70, type: 3}
      propertyPath: m_LocalEulerAnglesHint.y
      value: 0
      objectReference: {fileID: 0}
    - target: {fileID: 5559662324882460348, guid: b59e3b8a2135154408a10820b594df70, type: 3}
      propertyPath: m_LocalEulerAnglesHint.z
      value: 85.702
      objectReference: {fileID: 0}
    - target: {fileID: 5701942225336223973, guid: b59e3b8a2135154408a10820b594df70, type: 3}
      propertyPath: m_RootOrder
      value: 0
      objectReference: {fileID: 0}
    - target: {fileID: 5701942225336223973, guid: b59e3b8a2135154408a10820b594df70, type: 3}
      propertyPath: m_LocalPosition.x
      value: 0.48000002
      objectReference: {fileID: 0}
    - target: {fileID: 5701942225336223973, guid: b59e3b8a2135154408a10820b594df70, type: 3}
      propertyPath: m_LocalPosition.y
      value: 1.36
      objectReference: {fileID: 0}
    - target: {fileID: 5701942225336223973, guid: b59e3b8a2135154408a10820b594df70, type: 3}
      propertyPath: m_LocalPosition.z
      value: -1.4700003
      objectReference: {fileID: 0}
    - target: {fileID: 5701942225336223973, guid: b59e3b8a2135154408a10820b594df70, type: 3}
      propertyPath: m_LocalRotation.w
      value: 0.705926
      objectReference: {fileID: 0}
    - target: {fileID: 5701942225336223973, guid: b59e3b8a2135154408a10820b594df70, type: 3}
      propertyPath: m_LocalRotation.x
      value: -0.70592606
      objectReference: {fileID: 0}
    - target: {fileID: 5701942225336223973, guid: b59e3b8a2135154408a10820b594df70, type: 3}
      propertyPath: m_LocalRotation.y
      value: 0.040847033
      objectReference: {fileID: 0}
    - target: {fileID: 5701942225336223973, guid: b59e3b8a2135154408a10820b594df70, type: 3}
      propertyPath: m_LocalRotation.z
      value: 0.04084703
      objectReference: {fileID: 0}
    - target: {fileID: 5701942225336223973, guid: b59e3b8a2135154408a10820b594df70, type: 3}
      propertyPath: m_LocalEulerAnglesHint.x
      value: -90
      objectReference: {fileID: 0}
    - target: {fileID: 5701942225336223973, guid: b59e3b8a2135154408a10820b594df70, type: 3}
      propertyPath: m_LocalEulerAnglesHint.y
      value: -180
      objectReference: {fileID: 0}
    - target: {fileID: 5701942225336223973, guid: b59e3b8a2135154408a10820b594df70, type: 3}
      propertyPath: m_LocalEulerAnglesHint.z
      value: 186.623
      objectReference: {fileID: 0}
    - target: {fileID: 8753317512476736246, guid: b59e3b8a2135154408a10820b594df70, type: 3}
      propertyPath: m_Name
      value: Illuminati
      objectReference: {fileID: 0}
    - target: {fileID: 8753317512476736246, guid: b59e3b8a2135154408a10820b594df70, type: 3}
      propertyPath: m_IsActive
      value: 1
      objectReference: {fileID: 0}
    - target: {fileID: 8753317512476736246, guid: b59e3b8a2135154408a10820b594df70, type: 3}
      propertyPath: m_TagString
      value: Iluminati
      objectReference: {fileID: 0}
    m_RemovedComponents:
    - {fileID: 8632310978139061959, guid: b59e3b8a2135154408a10820b594df70, type: 3}
  m_SourcePrefab: {fileID: 100100000, guid: b59e3b8a2135154408a10820b594df70, type: 3}
--- !u!1 &961102905562374947 stripped
GameObject:
  m_CorrespondingSourceObject: {fileID: 8753317512476736246, guid: b59e3b8a2135154408a10820b594df70, type: 3}
  m_PrefabInstance: {fileID: 8371208634763680213}
  m_PrefabAsset: {fileID: 0}
--- !u!4 &4255303345787556144 stripped
Transform:
  m_CorrespondingSourceObject: {fileID: 5701942225336223973, guid: b59e3b8a2135154408a10820b594df70, type: 3}
  m_PrefabInstance: {fileID: 8371208634763680213}
  m_PrefabAsset: {fileID: 0}
--- !u!1 &1911532551913895181 stripped
GameObject:
  m_CorrespondingSourceObject: {fileID: 7974644985904098520, guid: b59e3b8a2135154408a10820b594df70, type: 3}
  m_PrefabInstance: {fileID: 8371208634763680213}
  m_PrefabAsset: {fileID: 0}
--- !u!65 &8371208635502260947
BoxCollider:
  m_ObjectHideFlags: 0
  m_CorrespondingSourceObject: {fileID: 0}
  m_PrefabInstance: {fileID: 0}
  m_PrefabAsset: {fileID: 0}
  m_GameObject: {fileID: 1911532551913895181}
  m_Material: {fileID: 0}
  m_IsTrigger: 0
  m_Enabled: 1
  serializedVersion: 2
  m_Size: {x: 1.2905332, y: 1.2408916, z: 1.1624489}
  m_Center: {x: 0.016098272, y: 0.26411265, z: 1.8000001}
