%YAML 1.1
%TAG !u! tag:unity3d.com,2011:
--- !u!1 &8753317512476736246
GameObject:
  m_ObjectHideFlags: 0
  m_CorrespondingSourceObject: {fileID: 0}
  m_PrefabInstance: {fileID: 0}
  m_PrefabAsset: {fileID: 0}
  serializedVersion: 6
  m_Component:
  - component: {fileID: 5701942225336223973}
  - component: {fileID: 2426136177437566367}
  - component: {fileID: 8753317512476736244}
  - component: {fileID: 9198348574534743055}
  - component: {fileID: 2040678430304382668}
  m_Layer: 0
  m_Name: Illuminati
  m_TagString: Untagged
  m_Icon: {fileID: 0}
  m_NavMeshLayer: 0
  m_StaticEditorFlags: 0
  m_IsActive: 1
--- !u!4 &5701942225336223973
Transform:
  m_ObjectHideFlags: 0
  m_CorrespondingSourceObject: {fileID: 0}
  m_PrefabInstance: {fileID: 0}
  m_PrefabAsset: {fileID: 0}
  m_GameObject: {fileID: 8753317512476736246}
  m_LocalRotation: {x: -0.0012773416, y: -0.70710564, z: -0.70710564, w: 0.0012773416}
  m_LocalPosition: {x: -51.1, y: 8.31, z: -45.98}
  m_LocalScale: {x: 2, y: 2, z: 2}
  m_Children:
  - {fileID: 8841737111086781947}
  m_Father: {fileID: 0}
  m_RootOrder: 0
  m_LocalEulerAnglesHint: {x: -90, y: -179.79301, z: 0}
--- !u!95 &2426136177437566367
Animator:
  serializedVersion: 3
  m_ObjectHideFlags: 0
  m_CorrespondingSourceObject: {fileID: 0}
  m_PrefabInstance: {fileID: 0}
  m_PrefabAsset: {fileID: 0}
  m_GameObject: {fileID: 8753317512476736246}
  m_Enabled: 1
  m_Avatar: {fileID: 9000000, guid: 32acd7ae11d3cd842a489d265e3fb18d, type: 3}
  m_Controller: {fileID: 0}
  m_CullingMode: 1
  m_UpdateMode: 0
  m_ApplyRootMotion: 0
  m_LinearVelocityBlending: 0
  m_WarningMessage: 
  m_HasTransformHierarchy: 1
  m_AllowConstantClipSamplingOptimization: 1
  m_KeepAnimatorControllerStateOnDisable: 0
--- !u!82 &8753317512476736244
AudioSource:
  m_ObjectHideFlags: 0
  m_CorrespondingSourceObject: {fileID: 0}
  m_PrefabInstance: {fileID: 0}
  m_PrefabAsset: {fileID: 0}
  m_GameObject: {fileID: 8753317512476736246}
  m_Enabled: 1
  serializedVersion: 4
  OutputAudioMixerGroup: {fileID: 0}
  m_audioClip: {fileID: 8300000, guid: d9400d44d46ee54488e3eb5b98d5243e, type: 3}
  m_PlayOnAwake: 1
  m_Volume: 1
  m_Pitch: 0
  Loop: 1
  Mute: 0
  Spatialize: 0
  SpatializePostEffects: 0
  Priority: 128
  DopplerLevel: 1
  MinDistance: 1
  MaxDistance: 500
  Pan2D: 0
  rolloffMode: 0
  BypassEffects: 0
  BypassListenerEffects: 0
  BypassReverbZones: 0
  rolloffCustomCurve:
    serializedVersion: 2
    m_Curve:
    - serializedVersion: 3
      time: 0
      value: 1
      inSlope: 0
      outSlope: 0
      tangentMode: 0
      weightedMode: 0
      inWeight: 0.33333334
      outWeight: 0.33333334
    - serializedVersion: 3
      time: 1
      value: 0
      inSlope: 0
      outSlope: 0
      tangentMode: 0
      weightedMode: 0
      inWeight: 0.33333334
      outWeight: 0.33333334
    m_PreInfinity: 2
    m_PostInfinity: 2
    m_RotationOrder: 4
  panLevelCustomCurve:
    serializedVersion: 2
    m_Curve:
    - serializedVersion: 3
      time: 0
      value: 1
      inSlope: 0
      outSlope: 0
      tangentMode: 0
      weightedMode: 0
      inWeight: 0.33333334
      outWeight: 0.33333334
    m_PreInfinity: 2
    m_PostInfinity: 2
    m_RotationOrder: 4
  spreadCustomCurve:
    serializedVersion: 2
    m_Curve:
    - serializedVersion: 3
      time: 0
      value: 0
      inSlope: 0
      outSlope: 0
      tangentMode: 0
      weightedMode: 0
      inWeight: 0.33333334
      outWeight: 0.33333334
    m_PreInfinity: 2
    m_PostInfinity: 2
    m_RotationOrder: 4
  reverbZoneMixCustomCurve:
    serializedVersion: 2
    m_Curve:
    - serializedVersion: 3
      time: 0
      value: 1
      inSlope: 0
      outSlope: 0
      tangentMode: 0
      weightedMode: 0
      inWeight: 0.33333334
      outWeight: 0.33333334
    - serializedVersion: 3
      time: 0.3448276
      value: 1
      inSlope: 0
      outSlope: 0
      tangentMode: 0
      weightedMode: 0
      inWeight: 0.33333334
      outWeight: 0.33333334
    m_PreInfinity: 2
    m_PostInfinity: 2
    m_RotationOrder: 4
--- !u!114 &9198348574534743055
MonoBehaviour:
  m_ObjectHideFlags: 0
  m_CorrespondingSourceObject: {fileID: 0}
  m_PrefabInstance: {fileID: 0}
  m_PrefabAsset: {fileID: 0}
  m_GameObject: {fileID: 8753317512476736246}
  m_Enabled: 1
  m_EditorHideFlags: 0
  m_Script: {fileID: 11500000, guid: 550892907767aa94b875a5d8491d4dca, type: 3}
  m_Name: 
  m_EditorClassIdentifier: 
  scream: {fileID: 8300000, guid: c3a29c39d62a6e947babfaf7d72bb7f8, type: 3}
  m: {fileID: 0}
--- !u!82 &2040678430304382668
AudioSource:
  m_ObjectHideFlags: 0
  m_CorrespondingSourceObject: {fileID: 0}
  m_PrefabInstance: {fileID: 0}
  m_PrefabAsset: {fileID: 0}
  m_GameObject: {fileID: 8753317512476736246}
  m_Enabled: 1
  serializedVersion: 4
  OutputAudioMixerGroup: {fileID: 0}
  m_audioClip: {fileID: 0}
  m_PlayOnAwake: 0
  m_Volume: 1
  m_Pitch: 1
  Loop: 0
  Mute: 0
  Spatialize: 0
  SpatializePostEffects: 0
  Priority: 128
  DopplerLevel: 1
  MinDistance: 1
  MaxDistance: 500
  Pan2D: 0
  rolloffMode: 0
  BypassEffects: 0
  BypassListenerEffects: 0
  BypassReverbZones: 0
  rolloffCustomCurve:
    serializedVersion: 2
    m_Curve:
    - serializedVersion: 3
      time: 0
      value: 1
      inSlope: 0
      outSlope: 0
      tangentMode: 0
      weightedMode: 0
      inWeight: 0.33333334
      outWeight: 0.33333334
    - serializedVersion: 3
      time: 1
      value: 0
      inSlope: 0
      outSlope: 0
      tangentMode: 0
      weightedMode: 0
      inWeight: 0.33333334
      outWeight: 0.33333334
    m_PreInfinity: 2
    m_PostInfinity: 2
    m_RotationOrder: 4
  panLevelCustomCurve:
    serializedVersion: 2
    m_Curve:
    - serializedVersion: 3
      time: 0
      value: 0
      inSlope: 0
      outSlope: 0
      tangentMode: 0
      weightedMode: 0
      inWeight: 0.33333334
      outWeight: 0.33333334
    m_PreInfinity: 2
    m_PostInfinity: 2
    m_RotationOrder: 4
  spreadCustomCurve:
    serializedVersion: 2
    m_Curve:
    - serializedVersion: 3
      time: 0
      value: 0
      inSlope: 0
      outSlope: 0
      tangentMode: 0
      weightedMode: 0
      inWeight: 0.33333334
      outWeight: 0.33333334
    m_PreInfinity: 2
    m_PostInfinity: 2
    m_RotationOrder: 4
  reverbZoneMixCustomCurve:
    serializedVersion: 2
    m_Curve:
    - serializedVersion: 3
      time: 0
      value: 1
      inSlope: 0
      outSlope: 0
      tangentMode: 0
      weightedMode: 0
      inWeight: 0.33333334
      outWeight: 0.33333334
    m_PreInfinity: 2
    m_PostInfinity: 2
    m_RotationOrder: 4
--- !u!1001 &9090084083069336029
PrefabInstance:
  m_ObjectHideFlags: 0
  serializedVersion: 2
  m_Modification:
    m_TransformParent: {fileID: 5701942225336223973}
    m_Modifications:
    - target: {fileID: 329429358071573542, guid: 7edb8ba88fe590c4db0ac683550722b5, type: 3}
      propertyPath: m_RootOrder
      value: 0
      objectReference: {fileID: 0}
    - target: {fileID: 329429358071573542, guid: 7edb8ba88fe590c4db0ac683550722b5, type: 3}
      propertyPath: m_LocalPosition.x
      value: 0
      objectReference: {fileID: 0}
    - target: {fileID: 329429358071573542, guid: 7edb8ba88fe590c4db0ac683550722b5, type: 3}
      propertyPath: m_LocalPosition.y
      value: 0.092
      objectReference: {fileID: 0}
    - target: {fileID: 329429358071573542, guid: 7edb8ba88fe590c4db0ac683550722b5, type: 3}
      propertyPath: m_LocalPosition.z
      value: -1.697
      objectReference: {fileID: 0}
    - target: {fileID: 329429358071573542, guid: 7edb8ba88fe590c4db0ac683550722b5, type: 3}
      propertyPath: m_LocalRotation.w
      value: 1
      objectReference: {fileID: 0}
    - target: {fileID: 329429358071573542, guid: 7edb8ba88fe590c4db0ac683550722b5, type: 3}
      propertyPath: m_LocalRotation.x
      value: 0
      objectReference: {fileID: 0}
    - target: {fileID: 329429358071573542, guid: 7edb8ba88fe590c4db0ac683550722b5, type: 3}
      propertyPath: m_LocalRotation.y
      value: -0
      objectReference: {fileID: 0}
    - target: {fileID: 329429358071573542, guid: 7edb8ba88fe590c4db0ac683550722b5, type: 3}
      propertyPath: m_LocalRotation.z
      value: -0
      objectReference: {fileID: 0}
    - target: {fileID: 329429358071573542, guid: 7edb8ba88fe590c4db0ac683550722b5, type: 3}
      propertyPath: m_LocalEulerAnglesHint.x
      value: 0
      objectReference: {fileID: 0}
    - target: {fileID: 329429358071573542, guid: 7edb8ba88fe590c4db0ac683550722b5, type: 3}
      propertyPath: m_LocalEulerAnglesHint.y
      value: 0
      objectReference: {fileID: 0}
    - target: {fileID: 329429358071573542, guid: 7edb8ba88fe590c4db0ac683550722b5, type: 3}
      propertyPath: m_LocalEulerAnglesHint.z
      value: 0
      objectReference: {fileID: 0}
    - target: {fileID: 1192844853808878853, guid: 7edb8ba88fe590c4db0ac683550722b5, type: 3}
      propertyPath: m_Name
      value: Pyramid
      objectReference: {fileID: 0}
    m_RemovedComponents:
    - {fileID: 583588620818012996, guid: 7edb8ba88fe590c4db0ac683550722b5, type: 3}
  m_SourcePrefab: {fileID: 100100000, guid: 7edb8ba88fe590c4db0ac683550722b5, type: 3}
--- !u!4 &8841737111086781947 stripped
Transform:
  m_CorrespondingSourceObject: {fileID: 329429358071573542, guid: 7edb8ba88fe590c4db0ac683550722b5, type: 3}
  m_PrefabInstance: {fileID: 9090084083069336029}
  m_PrefabAsset: {fileID: 0}
--- !u!1 &7340669450803994711 stripped
GameObject:
  m_CorrespondingSourceObject: {fileID: 2015709064792398218, guid: 7edb8ba88fe590c4db0ac683550722b5, type: 3}
  m_PrefabInstance: {fileID: 9090084083069336029}
  m_PrefabAsset: {fileID: 0}
--- !u!114 &7258559739123488504
MonoBehaviour:
  m_ObjectHideFlags: 0
  m_CorrespondingSourceObject: {fileID: 0}
  m_PrefabInstance: {fileID: 0}
  m_PrefabAsset: {fileID: 0}
  m_GameObject: {fileID: 7340669450803994711}
  m_Enabled: 1
  m_EditorHideFlags: 0
  m_Script: {fileID: 11500000, guid: ac0ca092677a6ee4f82584100ff7db84, type: 3}
  m_Name: 
  m_EditorClassIdentifier: 
  objetivo: {fileID: 0}
